%%%% Estado del arte %%%%%
@article{ARDisplayofContinuum,
author={Paul Milgram, Haruo Takemura ,Akira Utsumi, Fumio Kishino},
year = 1994,
title = { Augmented Reality: A class of displays on the reality-virtuality continuum } ,
journal = {Proceedings of SPIE - The International Society for Optical Engineering (Proceedings of SPIE) }
}

@article{juniperArMrmoney,
author={Sam Barker},
year = 2019,
title = { Augmented & Mixed Reality: Impact Assessments, Sector Analysis & Forecasts 2019-2024 } ,
journal = {Juniper Research }
}

@article{microsoftEducation,
author={Alice Bonasio},
title = {Immersive Experiences
in Education},
journal = {Microsoft}
}

@misc{ARCoreOverview,
author={Google},
title = {ARCore Overview},
journal = {Google},
howpublished = "URL: \url{https://developers.google.com/ar/discover}"
}

@misc{mapboxMainPage,
author={Mapbox},
title = {Mapbox main page},
journal = {Mapbox},
howpublished = "URL: \url{https://www.mapbox.com/}"
}


@article{ardefinition,
author={R. Silva, J. C. Oliveira, G. A. Giraldi},
title = { Introduction to Augmented Reality } ,
journal = {National Laboratory for Scientific Computation, Brazil}
}

@article{vrintroduction,
author = {Mathivanan, Kundalakesi and T, Swathi and B, Ashapriya and R, Sruthi},
year = {2017},
month = {06},
pages = {2394-9333},
title = {A Study of Virtual Reality},
volume = {4},
journal = {International Journal of Trend in Research and Development}
}


@article{xrintro,
author = {Chuah, Stephanie},
year = {2018},
month = {12},
pages = {},
title = {Why and who will adopt extended reality technology? Literature review, synthesis, and future research agenda}
}

@book{arhardwarerequirements ,
author = {Alan B. Craig} ,
year = 2013 ,
title = {Understanding Augmented Reality} ,
edition = 1 ,
publisher = {Morgan Kaufmann},
}

@article{tracking1,
author = {Zhou, Feng and Duh, Henry and Billinghurst, Mark},
year = {2008},
month = {09},
pages = {193-202},
title = {Trends in Augmented Reality Tracking, Interaction and Display: A Review of Ten Years of ISMAR},
volume = {2},
journal = {2008 7th IEEE/ACM International Symposium on Mixed and Augmented Reality},
doi = {10.1109/ISMAR.2008.4637362}
}


@inproceedings{mrExampleDefinition,
author = {Mueller, Jens and Butscher, Simon and Reiterer, Harald},
year = {2016},
month = {11},
pages = {71-76},
title = {Immersive Analysis of Health-Related Data with Mixed Reality Interfaces: Potentials and Open Question},
doi = {10.1145/3009939.3009951}
}

@article{magneticIntro,
author = {Thomas AuerStefan BrantnerAxel Pinz},
year = {1999},
pages = {Gervautz M., Schmalstieg D., Hildebrand A. (eds) Virtual Environments ’99. Eurographics. Springer, Vienna},
title = {The integration of optical and magnetic tracking for multi-user augmented reality}
}

@article{magneticExplanation,
author = {Mark A. Livingston,Andrei State},
year = {2001},
journal = {Department of Computer Science
University of North Carolina at Chapel Hill}
}

@inproceedings{visionporcomputador,
  title={Learning OpenCV 3: Computer Vision in C++ with the OpenCV Library},
  author={Adrian Kaehler and Gary R. Bradski},
  year={2016}
}

@INPROCEEDINGS{hybridtrackingUrban,  author={G. {Reitmayr} and T. W. {Drummond}},  booktitle={2006 IEEE/ACM International Symposium on Mixed and Augmented Reality},   title={Going out: robust model-based tracking for outdoor augmented reality},   year={2006},  volume={},  number={},  pages={109-118},}

@INPROCEEDINGS{robustHybridmodel,  author={B. {Jiang} and U. {Neumann} and  {Suya You}},  booktitle={IEEE Virtual Reality 2004},   title={A robust hybrid tracking system for outdoor augmented reality},   year={2004},  volume={},  number={},  pages={3-275},}

@inproceedings{robustHandTracking,
author = {Sharp, Toby and Wei, Yichen and Freedman, Daniel and Kohli, Pushmeet and Krupka, Eyal and Fitzgibbon, Andrew and Izadi, Shahram and Keskin, Cem and Robertson, Duncan and Shotton, Jamie and Kim, David and Rhemann, Christoph and Leichter, Ido and Vinnikov, Alon},
year = {2015},
month = {04},
pages = {3633-3642},
title = {Accurate, Robust, and Flexible Real-time Hand Tracking},
doi = {10.1145/2702123.2702179}
}

@article{eyetrackingVR,
author = {Clay, Viviane and König, Peter and Koenig, Sabine},
year = {2019},
month = {04},
pages = {},
title = {Eye Tracking in Virtual Reality},
volume = {12},
journal = {Journal of Eye Movement Research},
doi = {10.16910/jemr.12.1.3}
}

@INPROCEEDINGS{IPDTest,  author={S. {Best}},  booktitle={Proceedings of the IEEE 1996 National Aerospace and Electronics Conference NAECON 1996},   title={Perceptual and oculomotor implications of interpupillary distance settings on a head-mounted virtual display},   year={1996},  volume={1},  number={},  pages={429-434 vol.1},}

@INPROCEEDINGS{arSLAM,  author={G. {Reitmayr} and T. {Langlotz} and D. {Wagner} and A. {Mulloni} and G. {Schall} and D. {Schmalstieg} and Q. {Pan}},  booktitle={2010 International Symposium on Ubiquitous Virtual Reality},   title={Simultaneous Localization and Mapping for Augmented Reality},   year={2010},  volume={},  number={},  pages={5-8},}


@article{edgeComputing,
author = {Khan, Wazir and Ahmed, Ejaz and Hakak, Saqib and Yaqoob, Ibrar and Ahmed, Arif},
year = {2019},
month = {02},
pages = {},
title = {Edge computing: A survey},
volume = {97},
journal = {Future Generation Computer Systems},
doi = {10.1016/j.future.2019.02.050}
}

@inproceedings{cloudComputing,
author = {Qian, Ling and Luo, Zhiguo and Du, Yujian and Guo, Leitao},
year = {2009},
month = {01},
pages = {626-631},
title = {Cloud Computing: An Overview},
volume = {5931},
doi = {10.1007/978-3-642-10665-1_63}
}

@article{5GIntro,
author = {Eze, Kelechi and Sadiku, Matthew and Musa, Sarhan},
year = {2018},
month = {07},
pages = {62-64},
title = {5G Wireless Technology: A Primer},
volume = {7}
}

@article{oclussionExplanationEstadoDelArte,
author = {Yuan, Tian and Tao, Guan and Cheng, Wang},
year = {2010},
month = {04},
pages = {},
title = {Real-Time Occlusion Handling in Augmented Reality Based on an Object Tracking Approach},
volume = {10},
journal = {Sensors},
doi = {10.3390/s100402885}
}


@article{arsmartphones,
author = {Pence, Harry},
year = {2011},
month = {01},
pages = {136-145},
title = {Smartphones, Smart Objects, and Augmented Reality},
volume = {52},
journal = {The Reference Librarian},
doi = {10.1080/02763877.2011.528281}
}
%%%%%%%%%%%%%%%%%%%%%%%%%%%%%%%%%%%%%%%%%%%%%%%%%%%%%%%%%%%%%%%%%%

% FIN ESTADO DEL ARTE %%%%

%%%%%%%%%%%%%%%%%%%%%%%%%%%%%%%%%%%%%%%%%%%%%%%%%%%%%%%%%%%%%%%%%%

